
@INPROCEEDINGS{Churchill15, 
author={Churchill, W. and Chi Hay Tong and Gurau, C. and Posner, I. and Newman, P.}, 
booktitle={Robotics and Automation (ICRA), 2015 IEEE International Conference on}, 
title={Know your limits: Embedding localiser performance models in teach and repeat maps}, 
year=2015, 
pages={4238-4244}, 
keywords={Gaussian processes;path planning;robots;sampling methods;Gaussian process model;localisation envelope;localiser performance models;map building;physical sampling;point features;robot;second-order information;teach and repeat paradigm;Gaussian processes;Planning;Robots;Splines (mathematics);Trajectory;Uncertainty;Visualization}, 
doi={10.1109/ICRA.2015.7139783}, 
month={May},}

ï»¿@ARTICLE{Furgale10,
author = {Furgale, Paul and Barfoot, Timothy D.},
title = {Visual teach and repeat for long-range rover autonomy},
journal = {Journal of Field Robotics},
volume = {27},
number = {5},
publisher = {Wiley Subscription Services, Inc., A Wiley Company},
issn = {1556-4967},
url = {http://dx.doi.org/10.1002/rob.20342},
doi = {10.1002/rob.20342},
pages = {534--560},
year = {2010},
}

@INPROCEEDINGS{Sprunk13,
  author = {Christoph Sprunk and Gian Diego Tipaldi and Andrea Cherubini and Wolfram Burgard},
  title = {Lidar-based Teach-and-Repeat of Mobile Robot Trajectories},
  booktitle = {Proc. of the IEEE/RSJ International Conference on Intelligent Robots and Systems (IROS)},
  pages = {3144--3149},
  address = {Tokyo, Japan},
  year = {2013},
  month = nov,
  doi = {10.1109/IROS.2013.6696803}
}
